@inproceedings{Lorenzoli2008,
    author = {Lorenzoli, Davide and Mariani, Leonardo and Pezz\`{e}, Mauro},
    title = {Automatic Generation of Software Behavioral Models},
    booktitle = {Proceedings of the 30th International Conference on Software Engineering},
    series = {ICSE '08},
    year = {2008},
    isbn = {978-1-60558-079-1},
    pages = {501--510},
    numpages = {10},
    url = {http://doi.acm.org/10.1145/1368088.1368157},
    doi = {10.1145/1368088.1368157},
    acmid = {1368157},
    publisher = {ACM},
    address = {New York, NY, USA},
    keywords = {dynamic analysis, gk-tail, model synthesis},
}

@article{DNH84,
    title={Testing Equivalences for Processes},
    author={De Nicola, Rocco and Hennessy, Matthew CB},
    journal={Theoretical computer science},
    volume={34},
    number={1},
    pages={83--133},
    year={1984},
    publisher={Elsevier}
}

@article{Angluin198787,
    title   = "Learning Regular Sets from Queries and Counterexamples",
    journal = "Information and Computation ",
    volume  = "75",
    number  = "2",
    pages   = "87 - 106",
    year    = "1987",
    note    = "",
    issn    = "0890-5401",
    doi     = "http://dx.doi.org/10.1016/0890-5401(87)90052-6",
    url     = "http://www.sciencedirect.com/science/article/pii/0890540187900526",
    author  = "Dana Angluin"
}

@incollection{lambeau08,
    year      = {2008},
    isbn      = {978-3-540-88008-0},
    booktitle = {Grammatical Inference: Algorithms and Applications},
    volume    = {5278},
    series    = {Lecture Notes in Computer Science},
    editor    = {Clark, Alexander and Coste, Fran√ßois and Miclet, Laurent},
    doi       = {10.1007/978-3-540-88009-7_11},
    title     = {State-Merging DFa Induction Algorithms with Mandatory Merge Constraints},
    url       = {http://dx.doi.org/10.1007/978-3-540-88009-7_11},
    publisher = {Springer Berlin Heidelberg},
    author    = {Lambeau, Bernard and Damas, Christophe and Dupont, Pierre},
    pages     = {139-153},
    language  = {English}
}

@inproceedings{Choi2013,
    author    = {Choi, Wontae and Necula, George and Sen, Koushik},
    title     = {Guided GUI Testing of Android Apps with Minimal Restart and Approximate Learning},
    booktitle = {Proceedings of the 2013 ACM SIGPLAN International Conference on Object Oriented Programming Systems Languages and Applications},
    series    = {OOPSLA '13},
    year      = {2013},
    isbn      = {978-1-4503-2374-1},
    pages     = {623--640},
    numpages  = {18},
    url       = {http://doi.acm.org/10.1145/2509136.2509552},
    doi       = {10.1145/2509136.2509552},
    acmid     = {2509552},
    publisher = {ACM},
    address   = {New York, NY, USA},
    keywords  = {android, automata, gui testing, learning}
}

@article{ZhongZXM11,
    author    = {Hao Zhong and Lu Zhang and Tao Xie and Hong Mei},
    title     = {Inferring Specifications for Resources from Natural Language API Documentation},
    journal   = {Autom. Softw. Eng.},
    volume    = {18},
    number    = {3-4},
    year      = {2011},
    pages     = {227-261},
    bibsource = {DBLP, http://dblp.uni-trier.de}
}

@inproceedings{Pradel:2009,
    author = {Pradel, Michael and Gross, Thomas R.},
    title = {Automatic Generation of Object Usage Specifications from Large Method Traces},
    booktitle = {Proceedings of the 2009 IEEE/ACM International Conference on Automated Software Engineering},
    series = {ASE '09},
    year = {2009},
    isbn = {978-0-7695-3891-4},
    pages = {371--382},
    numpages = {12},
    publisher = {IEEE Computer Society},
    address = {Washington, DC, USA},
    keywords = {Specification inference, dynamic analysis, formal specifications, temporal properties},
}

@inproceedings{concolicandroid12,
    author = {Anand, Saswat and Naik, Mayur and Harrold, Mary Jean and Yang, Hongseok},
    title = {Automated Concolic Testing of Smartphone Apps},
    booktitle = {Proceedings of the ACM SIGSOFT 20th International Symposium on the Foundations of Software Engineering},
    series = {FSE '12},
    year = {2012},
    isbn = {978-1-4503-1614-9},
    pages = {59:1--59:11},
    articleno = {59},
    numpages = {11},
    url = {http://doi.acm.org/10.1145/2393596.2393666},
    doi = {10.1145/2393596.2393666},
    acmid = {2393666},
    publisher = {ACM},
    address = {New York, NY, USA},
    keywords = {Android, GUI testing, testing event-driven programs},
}

@inproceedings{Joorabchi:2012:REI:2420240.2420457,
    author = {Joorabchi, Mona Erfani and Mesbah, Ali},
    title = {Reverse Engineering IOS Mobile Applications},
    booktitle = {Proceedings of the 2012 19th Working Conference on Reverse Engineering},
    series = {WCRE '12},
    year = {2012},
    isbn = {978-0-7695-4891-3},
    pages = {177--186},
    numpages = {10},
    url = {http://dx.doi.org/10.1109/WCRE.2012.27},
    doi = {10.1109/WCRE.2012.27},
    acmid = {2420457},
    publisher = {IEEE Computer Society},
    address = {Washington, DC, USA},
    keywords = {reverse engineering, mobile applications, iOS, model generation},
}

@inproceedings{webmate12,
    author = {Dallmeier, Valentin and Burger, Martin and Orth, Tobias and Zeller, Andreas},
    title = {WebMate: A Tool for Testing Web 2.0 Applications},
    booktitle = {Proceedings of the Workshop on JavaScript Tools},
    series = {JSTools '12},
    year = {2012},
    isbn = {978-1-4503-1274-5},
    pages = {11--15},
    numpages = {5},
    url = {http://doi.acm.org/10.1145/2307720.2307722},
    doi = {10.1145/2307720.2307722},
    acmid = {2307722},
    publisher = {ACM},
    address = {New York, NY, USA},
    keywords = {JavaScript, test generation, web applications},
}

@inproceedings{Amalfitano:2012:UGR:2351676.2351717,
    author = {Amalfitano, Domenico and Fasolino, Anna Rita and Tramontana, Porfirio and De Carmine, Salvatore and Memon, Atif M.},
    title = {Using GUI Ripping for Automated Testing of Android Applications},
    booktitle = {Proceedings of the 27th IEEE/ACM International Conference on Automated Software Engineering},
    series = {ASE 2012},
    year = {2012},
    isbn = {978-1-4503-1204-2},
    pages = {258--261},
    numpages = {4},
    url = {http://doi.acm.org/10.1145/2351676.2351717},
    doi = {10.1145/2351676.2351717},
    acmid = {2351717},
    publisher = {ACM},
    address = {New York, NY, USA},
    keywords = {Android, Testing Automation, Testing Tools},
}

@article{crawljax:tweb12,
    author = {Mesbah, Ali and van Deursen, Arie and Lenselink, Stefan},
    title = {Crawling {Ajax}-Based Web Applications Through Dynamic Analysis of User Interface State Changes},
    journal = {ACM Transactions on the Web (TWEB)},
    year = {2012},
    volume = {6},
    number = {1},
    pages = {3:1--3:30}
}


@INPROCEEDINGS{5954416,
    author={Amalfitano, D. and Fasolino, A.R. and Tramontana, P.},
    booktitle={Software Testing, Verification and Validation Workshops (ICSTW), 2011 IEEE Fourth International Conference On},
    title={A GUI Crawling-Based Technique for Android Mobile Application Testing},
    year={2011},
    pages={252-261},
    keywords={graphical user interfaces;mobile computing;program testing;Android mobile application testing;GUI crawling-based technique;Google Android platform;automatic testing;cost effective testing techniques;development tools;rapid crash testing;regression testing;Androids;Crawlers;Graphical user interfaces;Humanoid robots;Mobile communication;Smart phones;Testing;Android Testing Automation;Crash Testing;GUI Crawling;Regression Testing},
    doi={10.1109/ICSTW.2011.77},
}

@inproceedings{WPX13,
    author = {Yang, Wei and Prasad, Mukul R. and Xie, Tao},
    title = {A Grey-Box Approach for Automated GUI-Model Generation of Mobile Applications},
    booktitle = {Proceedings of the 16th International Conference on Fundamental Approaches to Software Engineering},
    series = {FASE'13},
    year = {2013},
    isbn = {978-3-642-37056-4},
    pages = {250--265},
    numpages = {16},
    url = {http://dx.doi.org/10.1007/978-3-642-37057-1_19},
    doi = {10.1007/978-3-642-37057-1_19},
    acmid = {2450338},
    publisher = {Springer-Verlag},
    address = {Berlin, Heidelberg},
}

@inproceedings{Memon:2003,
    author = {Memon, Atif and Banerjee, Ishan and Nagarajan, Adithya},
    title = {GUI Ripping: Reverse Engineering of Graphical User Interfaces for Testing},
    booktitle = {Proceedings of the 10th Working Conference on Reverse Engineering},
    series = {WCRE '03},
    year = {2003},
    isbn = {0-7695-2027-8},
    pages = {260--},
    url = {http://dl.acm.org/citation.cfm?id=950792.951350},
    acmid = {951350},
    publisher = {IEEE Computer Society},
    address = {Washington, DC, USA},
}

@article{Fernandez89animplementation,
    author = {Jean-Claude Fernandez},
    title = {An Implementation of an Efficient Algorithm for Bisimulation Equivalence},
    journal = {Science of Computer Programming},
    year = {1989},
    volume = {13},
    pages = {13--219}
}

@inproceedings{FTW05,
    author = {L. Frantzen and J. Tretmans and T.A.C. Willemse},
    title = {{Test Generation Based on Symbolic Specifications}},
    booktitle = {FATES 2004},
    pages = {1-15},
    year = {2005},
    editor = {J. Grabowski and B. Nielsen},
    number = {3395},
    series = {Lecture Notes in Computer Science},
    publisher = {Springer},
}

@inproceedings{hungar2002,
    author    = {Hardi Hungar and
        Tiziana Margaria and
            Bernhard Steffen},
    title     = {Model Generation for Legacy Systems},
    booktitle = {Radical Innovations of Software and
        Systems Engineering in the Future,
        9th International Workshop, {RISSEF}
        2002, Venice, Italy, October
            7-11, 2002, Revised Papers},
    pages     = {167--183},
    year      = {2002},
    url       =
    {http://dx.doi.org/10.1007/978-3-540-24626-8_11},
    doi       = {10.1007/978-3-540-24626-8_11},
    timestamp = {Wed, 06 Jul 2011 21:21:08
        +0200},
    biburl    =
    {http://dblp1.uni-trier.de/rec/bib/conf/rissef/HungarMS02},
    bibsource = {dblp computer science
        bibliography, http://dblp.org}
}

@INPROCEEDINGS{Salah05scenariographer,
    author = {Maher Salah and Trip Denton and Spiros
        Mancoridis and Ali Shokouf},
    title = {Scenariographer: A Tool for Reverse
        Engineering Class Usage Scenarios from Method
            Invocation Sequences},
    booktitle = {In ICSM},
    year = {2005},
    pages = {155--164},
    publisher = {IEEE Computer Society}
}

@article{MobiGUITARIEEESoftware2014,
    author = {Domenico Amalfitano and Anna Rita Fasolino and Porfirio Tramontana and Bryan Dzung Ta and Atif M. Memon},
    title = {MobiGUITAR -- A Tool for Automated Model-Based Testing of Mobile Apps},
    journal = {IEEE Software},
    publisher = {IEEE Computer Society Press},
    address = {Los Alamitos, CA, USA},
    year = {2014}
}

@article{guitar,
    author = {BaoN. Nguyen and Bryan Robbins and Ishan
        Banerjee and Atif Memon},
    title = {GUITAR: An Innovative Tool for Automated
        Testing of GUI-Driven
            Software},
    journal = {Automated Software Engineering},
    pages = {1-41},
    publisher = {Springer US},
    year = {2013},
    language = {English},
    issn = {0928-8910},
    url =
    {http://dx.doi.org/10.1007/s10515-013-0128-9}
}

@TECHREPORT{Abdulla06,
    author = {Parosh Aziz Abdulla and Lisa Kaati and Johanna
        Hogberg},
    title = {Bisimulation Minimization of Tree Automata},
    institution = {In Proc. 11th Int. Conf.
        Implementation and Application of Automata,
        volume 4094 of LNCS},
    year = {2006}
}

@book{rehg2004computer,
    title={Computer-Integrated Manufacturing},
    author={Rehg, J.A. and Kraebber, H.W.},
    isbn={9780131134133},
    lccn={2004001895},
    url={http://books.google.fr/books?id=zuVTAAAAMAAJ},
    year={2004},
    publisher={Pearson Prentice Hall}
}

@article{Rothermel:1997:SER:248233.248262,
    author = {Rothermel, Gregg and Harrold, Mary Jean},
    title = {A Safe, Efficient Regression Test Selection Technique},
    journal = {ACM Trans. Softw. Eng. Methodol.},
    issue_date = {April 1997},
    volume = {6},
    number = {2},
    month = apr,
    year = {1997},
    issn = {1049-331X},
    pages = {173--210},
    numpages = {38},
    url = {http://doi.acm.org/10.1145/248233.248262},
    doi = {10.1145/248233.248262},
    acmid = {248262},
    publisher = {ACM},
    address = {New York, NY, USA},
    keywords = {regression test selection, regression testing, selective retest},
}

@INPROCEEDINGS{4700316,
    author={Mariani, L. and Pastore, F.},
    booktitle={Software Reliability Engineering, 2008. ISSRE 2008. 19th International Symposium On},
    title={Automated Identification of Failure Causes in System Logs},
    year={2008},
    month={Nov},
    pages={117-126},
    doi={10.1109/ISSRE.2008.48},
    ISSN={1071-9458},
}

@inproceedings{cotroneo2007investigation,
    title={Investigation of Failure Causes in Workload-Driven
        Reliability Testing},
    author={Cotroneo, Domenico and Pietrantuono, Roberto and
        Mariani, Leonardo and Pastore, Fabrizio},
    booktitle={Fourth International Workshop on Software
        Quality Assurance: In Conjunction with the 6th
            ESEC/FSE Joint Meeting},
    pages={78--85},
    year={2007},
    organization={ACM}
}

@article{mariani2007dynamic,
    author = {Leonardo Mariani and Mauro Pezze},
    title = {Dynamic Detection of COTS Component Incompatibility},
    journal ={IEEE Software},
    volume = {24},
    number = {5},
    issn = {0740-7459},
    year = {2007},
    pages = {76-85},
    doi = {http://doi.ieeecomputersociety.org/10.1109/MS.2007.138},
    publisher = {IEEE Computer Society},
    address = {Los Alamitos, CA, USA},
}

@article{1695852,
    author = {Victoria J. Hodge and Jim Austin},
    title = {A Survey of Outlier Detection Methodologies},
    journal = {Artificial Intelligence Review},
    volume = {22},
    year = {2004},
    pages = {85--126},
    issue = {2},
    doi = {http://dx.doi.org/10.1023/B:AIRE.0000045502.10941.a9},
    masid = {1695852}
}

@inproceedings{DBLP:conf/fm/DurandS15,
    author    = {William Durand and
        S{\'{e}}bastien Salva},
    title     = {Autofunk: An Inference-Based Formal Model Generation Framework for
        Production Systems},
    booktitle = {{FM} 2015: Formal Methods - 20th International Symposium, Oslo, Norway,
        June 24-26, 2015, Proceedings},
    pages     = {577--580},
    year      = {2015},
    url       = {http://dx.doi.org/10.1007/978-3-319-19249-9_36},
    doi       = {10.1007/978-3-319-19249-9_36},
    timestamp = {Tue, 26 May 2015 14:26:29 +0200},
    biburl    = {http://dblp.uni-trier.de/rec/bib/conf/fm/DurandS15},
    bibsource = {dblp computer science bibliography, http://dblp.org}
}

@inproceedings{TonellaNMLH13,
    author    = {Paolo Tonella and Cu Duy Nguyen and Alessandro Marchetto and Kiran Lakhotia and Mark Harman},
    title     = {Automated Generation of State Abstraction Functions Using Data Invariant Inference},
    booktitle = {8th International Workshop on Automation of Software Test, {AST} 2013, San Francisco, CA, USA, May 18-19, 2013},
    pages     = {75--81},
    year      = {2013},
    url       = {http://dx.doi.org/10.1109/IWAST.2013.6595795},
    doi       = {10.1109/IWAST.2013.6595795},
    timestamp = {Wed, 04 Feb 2015 10:06:16 +0100},
    biburl    = {http://dblp.uni-trier.de/rec/bib/conf/icse/TonellaNMLH13},
    bibsource = {dblp computer science bibliography, http://dblp.org}
}

@inproceedings{Krka:2010:UDE:1810295.1810324,
    author = {Krka, Ivo and Brun, Yuriy and Popescu, Daniel and Garcia, Joshua and Medvidovic, Nenad},
    title = {Using Dynamic Execution Traces and Program Invariants to Enhance Behavioral Model Inference},
    booktitle = {Proceedings of the 32Nd ACM/IEEE International Conference on Software Engineering - Volume 2},
    series = {ICSE '10},
    year = {2010},
    isbn = {978-1-60558-719-6},
    pages = {179--182},
    numpages = {4},
    url = {http://doi.acm.org/10.1145/1810295.1810324},
    doi = {10.1145/1810295.1810324},
    acmid = {1810324},
    publisher = {ACM},
    address = {New York, NY, USA},
    keywords = {dynamic analysis, likely invariants, specification mining},
}

@article{5009015,
    author={Biermann, A.W. and Feldman, J.A.},
    journal={Computers, IEEE Transactions on},
    title={On the Synthesis of Finite-State Machines from Samples of Their Behavior},
    year={1972},
    volume={C-21},
    number={6},
    pages={592-597},
    keywords={Application software;Computer science;Electrons;Error correction codes;Information science;Statistical analysis;Telemetry;Tellurium;Finite-state functions;Nerode realization;finite-state machines;inference;sequential learning;synthesis},
    doi={10.1109/TC.1972.5009015},
    ISSN={0018-9340},
    month={June},
}

@INPROCEEDINGS{4023976,
    author={Lo, D. and Siau-Cheng Khoo},
    booktitle={Reverse Engineering, 2006. WCRE '06. 13th Working Conference On},
    title={QUARK: Empirical Assessment of Automaton-Based Specification Miners},
    year={2006},
    pages={51-60},
    keywords={application program interfaces;formal specification;reverse engineering;software quality;software tools;automaton-based specification miner;empirical assessment;mining software temporal specification;quality assurance framework;reverse engineering;software specification;software tool;temporal API specification;Formal specifications;Learning automata;Machine learning;Protocols;Reverse engineering;Robustness;Scalability;Software engineering;Software measurement;Software performance},
    doi={10.1109/WCRE.2006.47},
    ISSN={1095-1350},
    month={Oct},
}

@inproceedings{Lo:2009:ASB:1595696.1595761,
    author = {Lo, David and Mariani, Leonardo and Pezz\`{e}, Mauro},
    title = {Automatic Steering of Behavioral Model Inference},
    booktitle = {Proceedings of the the 7th Joint Meeting of the European Software Engineering Conference and the ACM SIGSOFT Symposium on the Foundations of Software Engineering},
    series = {ESEC/FSE '09},
    year = {2009},
    isbn = {978-1-60558-001-2},
    pages = {345--354},
    numpages = {10},
    url = {http://doi.acm.org/10.1145/1595696.1595761},
    doi = {10.1145/1595696.1595761},
    acmid = {1595761},
    publisher = {ACM},
    address = {New York, NY, USA},
    keywords = {dynamic analysis, mining automata, temporal properties},
}

@article{Lo20122063,
    title = "Learning Extended \{FSA\} from Software: An Empirical Assessment ",
    journal = "Journal of Systems and Software ",
    volume = "85",
    number = "9",
    pages = "2063 - 2076",
    year = "2012",
    note = "Selected papers from the 2011 Joint Working IEEE/IFIP Conference on Software Architecture (WICSA 2011) ",
    issn = "0164-1212",
    doi = "http://dx.doi.org/10.1016/j.jss.2012.04.001",
    url = "http://www.sciencedirect.com/science/article/pii/S0164121212001008",
    author = "David Lo and Leonardo Mariani and Mauro Santoro",
    keywords = "\{FSA\} inference",
    keywords = "Empirical validation",
    keywords = "Behavioral models "
}

@inproceedings{Raffelt:2005:LLA:1081180.1081189,
    author = {Raffelt, Harald and Steffen, Bernhard and Berg, Therese},
    title = {LearnLib: A Library for Automata Learning and Experimentation},
    booktitle = {Proceedings of the 10th International Workshop on Formal Methods for Industrial Critical Systems},
    series = {FMICS '05},
    year = {2005},
    isbn = {1-59593-148-1},
    pages = {62--71},
    numpages = {10},
    url = {http://doi.acm.org/10.1145/1081180.1081189},
    doi = {10.1145/1081180.1081189},
    acmid = {1081189},
    publisher = {ACM},
    address = {New York, NY, USA},
    keywords = {DFAs and mealy machines, automata learning, behavioural analysis, behavioural specification, domain-specific optimization, experimentation, quantitative analysis, software library, validation},
}

@incollection{hungar,
    year={2004},
    isbn={978-3-540-21179-2},
    booktitle={Radical Innovations of Software and Systems Engineering in the Future},
    volume={2941},
    series={Lecture Notes in Computer Science},
    editor={Wirsing, Martin and Knapp, Alexander and Balsamo, Simonetta},
    doi={10.1007/978-3-540-24626-8_11},
    title={Model Generation for Legacy Systems},
    url={http://dx.doi.org/10.1007/978-3-540-24626-8_11},
    publisher={Springer Berlin Heidelberg},
    author={Hungar, Hardi and Margaria, Tiziana and Steffen, Bernhard},
    pages={167-183},
    language={English}
}

@inproceedings{Walkinshaw07reverseengineering,
    author = {Neil Walkinshaw and Kirill Bogdanov and Mike Holcombe and Sarah Salahuddin},
    title = {Reverse Engineering State Machines by Interactive Grammar Inference},
    booktitle = {In Proceedings of the 14th Working Conference on Reverse Engineering (WCRE‚Äô07},
    year = {2007},
    publisher = {IEEE}
}

@INPROCEEDINGS{6079839,
    author={Antunes, J. and Neves, N. and Verissimo, P.},
    booktitle={Reverse Engineering (WCRE), 2011 18th Working Conference On},
    title={Reverse Engineering of Protocols from Network Traces},
    year={2011},
    pages={169-178},
    doi={10.1109/WCRE.2011.28},
    ISSN={1095-1350},
    month={Oct},
}

@inproceedings{Bertolino:2009:ASB:1595696.1595719,
    author = {Bertolino, Antonia and Inverardi, Paola and Pelliccione, Patrizio and Tivoli, Massimo},
    title = {Automatic Synthesis of Behavior Protocols for Composable Web-Services},
    booktitle = {Proceedings of the the 7th Joint Meeting of the European Software Engineering Conference and the ACM SIGSOFT Symposium on the Foundations of Software Engineering},
    series = {ESEC/FSE '09},
    year = {2009},
    isbn = {978-1-60558-001-2},
    pages = {141--150},
    numpages = {10},
    url = {http://doi.acm.org/10.1145/1595696.1595719},
    doi = {10.1145/1595696.1595719},
    acmid = {1595719},
    publisher = {ACM},
    address = {New York, NY, USA},
                keywords = {automatic synthesis, behavior protocols, testing, web-services},
}

@inproceedings{Yang:2006:PMT:1134285.1134325,
    author = {Yang, Jinlin and Evans, David and Bhardwaj, Deepali and Bhat, Thirumalesh and Das, Manuvir},
    title = {Perracotta: Mining Temporal API Rules from Imperfect Traces},
    booktitle = {Proceedings of the 28th International Conference on Software Engineering},
    series = {ICSE '06},
    year = {2006},
    isbn = {1-59593-375-1},
    pages = {282--291},
    numpages = {10},
    url = {http://doi.acm.org/10.1145/1134285.1134325},
    doi = {10.1145/1134285.1134325},
    acmid = {1134325},
    publisher = {ACM},
    address = {New York, NY, USA},
    keywords = {dynamic analysis, specification inference, temporal properties},
}

@article{Ammons:2002:MS:565816.503275,
    author = {Ammons, Glenn and Bod\'{\i}k, Rastislav and Larus, James R.},
    title = {Mining Specifications},
    journal = {SIGPLAN Not.},
    issue_date = {Jan. 2002},
    volume = {37},
    number = {1},
    month = jan,
    year = {2002},
    issn = {0362-1340},
    pages = {4--16},
    numpages = {13},
    url = {http://doi.acm.org/10.1145/565816.503275},
    doi = {10.1145/565816.503275},
    acmid = {503275},
    publisher = {ACM},
    address = {New York, NY, USA},
}

@inproceedings{Ernst:1999:DDL:302405.302467,
    author = {Ernst, Michael D. and Cockrell, Jake and Griswold, William G. and Notkin, David},
    title = {Dynamically Discovering Likely Program Invariants to Support Program Evolution},
    booktitle = {Proceedings of the 21st International Conference on Software Engineering},
    series = {ICSE '99},
    year = {1999},
    isbn = {1-58113-074-0},
    pages = {213--224},
    numpages = {12},
    url = {http://doi.acm.org/10.1145/302405.302467},
    doi = {10.1145/302405.302467},
    acmid = {302467},
    publisher = {ACM},
    address = {New York, NY, USA},
    keywords = {dynamic analysis, execution traces, formal specification, logical inference, pattern recognition, program invariants, software evolution},
}

@INPROCEEDINGS{919096,
    author={Reiss, S.P. and Renieris, M.},
    booktitle={Software Engineering, 2001. ICSE 2001. Proceedings of the 23rd International Conference On},
    title={Encoding Program Executions},
    year={2001},
    pages={221-230},
    keywords={context-free grammars;data analysis;directed graphs;encoding;finite state machines;program diagnostics;reverse engineering;compaction/selection techniques;context free grammar encoding;data encoding;data subset collection;directed acyclic graph;dynamic analysis;finite state automata;gprof-style N-depth call sequences;program execution encoding;raw traces;run-length encoding;structure inference techniques;time intervals;Buildings;Compaction;Computer science;Data visualization;Displays;Encoding;Libraries;Navigation;Performance analysis;Software systems},
    doi={10.1109/ICSE.2001.919096},
    ISSN={0270-5257},
    month={May},
}

@inproceedings{DBLP:conf/soict/DurandS14,
    author    = {William Durand and
        S{\'{e}}bastien Salva},
    title     = {Inferring Models with Rule-Based Expert Systems},
    booktitle = {Proceedings of the Fifth Symposium on Information and Communication
        Technology, SoICT '14, Hanoi, Vietnam, December 4-5, 2014},
    pages     = {92--101},
    year      = {2014},
    url       = {http://doi.acm.org/10.1145/2676585.2676615},
    doi       = {10.1145/2676585.2676615},
    timestamp = {Sat, 31 Jan 2015 19:57:58 +0100},
    biburl    = {http://dblp.uni-trier.de/rec/bib/conf/soict/DurandS14},
    bibsource = {dblp computer science bibliography, http://dblp.org}
}

@inproceedings{DBLP:conf/debs/SalvaD15,
    author    = {S{\'{e}}bastien Salva and
        William Durand},
    title     = {Autofunk, a Fast and Scalable Framework for Building Formal Models
        from Production Systems},
    booktitle = {Proceedings of the 9th {ACM} International Conference on Distributed
        Event-Based Systems, {DEBS} '15, Oslo, Norway, June 29 - July 3, 2015},
    pages     = {193--204},
    year      = {2015},
    url       = {http://doi.acm.org/10.1145/2675743.2771876},
    doi       = {10.1145/2675743.2771876},
    timestamp = {Fri, 26 Jun 2015 09:20:56 +0200},
    biburl    = {http://dblp.uni-trier.de/rec/bib/conf/debs/SalvaD15},
    bibsource = {dblp computer science bibliography, http://dblp.org}
}

@incollection{ngll11,
    year={2011},
    isbn={978-3-642-19834-2},
    booktitle={Tools and Algorithms for the Construction and Analysis of Systems},
    volume={6605},
    series={Lecture Notes in Computer Science},
    editor={Abdulla, ParoshAziz and Leino, K.RustanM.},
    doi={10.1007/978-3-642-19835-9_18},
    title={Next Generation LearnLib},
    url={http://dx.doi.org/10.1007/978-3-642-19835-9_18},
    publisher={Springer Berlin Heidelberg},
    author={Merten, Maik and Steffen, Bernhard and Howar, Falk and Margaria, Tiziana},
    pages={220-223},
    language={English}
}

@techreport{settles.tr09,
    Author = {Burr Settles},
    Institution = {University of Wisconsin--Madison},
    Number = {1648},
    title = {Active Learning Literature Survey},
    Type = {Computer Sciences Technical Report},
    Year = {2009},
}

@inproceedings{LamelaSeijas:2014:SAB:2633448.2633457,
    author = {Lamela Seijas, Pablo and Thompson, Simon and Taylor, Ramsay and Bogdanov, Kirill and Derrick, John},
    title = {Synapse: Automatic Behaviour Inference and Implementation Comparison for Erlang},
    booktitle = {Proceedings of the Thirteenth ACM SIGPLAN Workshop on Erlang},
    series = {Erlang '14},
    year = {2014},
    isbn = {978-1-4503-3038-1},
    pages = {73--74},
    numpages = {2},
    url = {http://doi.acm.org/10.1145/2633448.2633457},
    doi = {10.1145/2633448.2633457},
    acmid = {2633457},
    publisher = {ACM},
    address = {New York, NY, USA},
    keywords = {active learning, comparison, erlang, fsm, grammar inference, machine extraction, model differences, passive learning},
}

@article{Ernst200735,
    title = "the Daikon System for Dynamic Detection of Likely Invariants ",
    journal = "Science of Computer Programming ",
    volume = "69",
    number = "1‚Äì3",
    pages = "35 - 45",
    year = "2007",
    note = "Special issue on Experimental Software and Toolkits ",
    issn = "0167-6423",
    doi = "http://dx.doi.org/10.1016/j.scico.2007.01.015",
    url = "http://www.sciencedirect.com/science/article/pii/S016764230700161X",
    author = "Michael D. Ernst and Jeff H. Perkins and Philip J. Guo and Stephen McCamant and Carlos Pacheco and Matthew S. Tschantz and Chen Xiao",
}

@incollection{debar00,
    year={2000},
    isbn={978-3-540-41085-0},
    booktitle={Recent Advances in Intrusion Detection},
    volume={1907},
    series={Lecture Notes in Computer Science},
    editor={Debar, Herv√© and M√©, Ludovic and Wu, S.Felix},
    doi={10.1007/3-540-39945-3_5},
    title={Using Finite Automata to Mine Execution Data for Intrusion Detection: A Preliminary Report},
    url={http://dx.doi.org/10.1007/3-540-39945-3_5},
    publisher={Springer Berlin Heidelberg},
    keywords={machine learning; finite automata; feature detection; data mining},
    author={Michael, Christoph and Ghosh, Anup},
    pages={66-79},
    language={English}
}

@incollection{tap2011,
    year={2011},
    isbn={978-3-642-21767-8},
    booktitle={Tests and Proofs},
    volume={6706},
    series={Lecture Notes in Computer Science},
    editor={Gogolla, Martin and Wolff, Burkhart},
    doi={10.1007/978-3-642-21768-5_11},
    title={Incremental Learning-Based Testing for Reactive Systems},
    url={http://dx.doi.org/10.1007/978-3-642-21768-5_11},
    publisher={Springer Berlin Heidelberg},
    author={Meinke, Karl and Sindhu, MuddassarA.},
    pages={134-151},
    language={English}
}

@INPROCEEDINGS{Dupont96incrementalregular,
    author = {Pierre Dupont},
    title = {Incremental Regular Inference},
    booktitle = {Proceedings of the Third ICGI-96},
    year = {1996},
    pages = {222--237},
    publisher = {Springer}
}

@incollection{parekh98,
    year={1998},
    isbn={978-3-540-64776-8},
    booktitle={Grammatical Inference},
    volume={1433},
    series={Lecture Notes in Computer Science},
    editor={Honavar, Vasant and Slutzki, Giora},
    doi={10.1007/BFb0054062},
    title={A Polynomial Time Incremental Algorithm for Learning DFA},
    url={http://dx.doi.org/10.1007/BFb0054062},
    publisher={Springer Berlin Heidelberg},
    author={Parekh, Rajesh and Nichitiu, Codrin and Honavar, Vasant},
    pages={37-49},
    language={English}
}

@article{ANGLUIN198176,
    title = "A Note on the Number of Queries Needed to Identify Regular Languages",
    journal = "Information and Control",
    volume = "51",
    number = "1",
    pages = "76 - 87",
    year = "1981",
    note = "",
    issn = "0019-9958",
    doi = "http://dx.doi.org/10.1016/S0019-9958(81)90090-5",
    url = "http://www.sciencedirect.com/science/article/pii/S0019995881900905",
    author = "Dana Angluin",
}

@incollection{meinkeCGE,
    year={2010},
    isbn={978-3-642-15487-4},
    booktitle={Grammatical Inference: Theoretical Results and Applications},
    volume={6339},
    series={Lecture Notes in Computer Science},
    editor={Sempere, Jos√©M. and Garc√≠a, Pedro},
    doi={10.1007/978-3-642-15488-1_13},
    title={CGE: A Sequential Learning Algorithm for Mealy Automata},
    url={http://dx.doi.org/10.1007/978-3-642-15488-1_13},
    publisher={Springer Berlin Heidelberg},
    author={Meinke, Karl},
    pages={148-162},
    language={English}
}

@article{6771467,
    author={Mealy, George H.},
    journal={Bell System Technical Journal, The},
    title={A Method for Synthesizing Sequential Circuits},
    year={1955},
    volume={34},
    number={5},
    pages={1045-1079},
    doi={10.1002/j.1538-7305.1955.tb03788.x},
    ISSN={0005-8580},
    month={Sept},
}

@inproceedings{tonella2012finding,
    title={Finding the Optimal Balance Between over and Under Approximation of Models Inferred from Execution Logs},
    author={Tonella, Paolo and Marchetto, Alessandro and Nguyen, Cu Duy and Jia, Yue and Lakhotia, Kiran and Harman, Mark},
    booktitle={Software Testing, Verification and Validation (ICST), 2012 IEEE Fifth International Conference On},
    pages={21--30},
    year={2012},
    organization={IEEE}
}

@article{journals/corr/abs-1206-2691,
    added-at = {2012-10-10T00:00:00.000+0200},
    author = {Sindhu, Muddassar A. and Meinke, Karl},
    biburl = {http://www.bibsonomy.org/bibtex/2b0027f17d0c3ba5fac4d627cb406b057/dblp},
    ee = {http://arxiv.org/abs/1206.2691},
    interhash = {11560f9b9bf91b84bda84a5ffd61e98f},
    intrahash = {b0027f17d0c3ba5fac4d627cb406b057},
    journal = {CoRR},
    keywords = {dblp},
    timestamp = {2012-10-11T11:40:43.000+0200},
    title = {IDS: An Incremental Learning Algorithm for Finite Automata},
    url = {http://dblp.uni-trier.de/db/journals/corr/corr1206.html#abs-1206-2691},
    volume = {abs/1206.2691},
    year = 2012
}

@inproceedings{Wasylkowski07detectingobject,
    author = {Wasylkowski, Andrzej and Zeller, Andreas and Lindig, Christian},
    title = {Detecting Object Usage Anomalies},
    booktitle = {Proceedings of the the 6th Joint Meeting of
        the European Software Engineering Conference and the
            ACM SIGSOFT Symposium on the Foundations of
            Software Engineering},
    series = {ESEC-FSE '07},
    year = {2007},
    isbn = {978-1-59593-811-4},
    pages = {35--44},
    numpages = {10},
    url = {http://doi.acm.org/10.1145/1287624.1287632},
    doi = {10.1145/1287624.1287632},
    acmid = {1287632},
    publisher = {ACM},
    address = {New York, NY, USA},
    keywords = {automated defect detection,
        automated specification generation, data mining for software engineering,
        object usage anomalies, pattern recognition, programming rules, static analysis},
}

@inproceedings{Ghezzi:2009:SIB:1555001.1555057,
    author = {Ghezzi, Carlo and Mocci, Andrea and Monga, Mattia},
    title = {Synthesizing Intensional Behavior Models by Graph Transformation},
    booktitle = {Proceedings of the 31st International Conference on Software Engineering},
    series = {ICSE '09},
    year = {2009},
    isbn = {978-1-4244-3453-4},
    pages = {430--440},
    numpages = {11},
    url = {http://dx.doi.org/10.1109/ICSE.2009.5070542},
    doi = {10.1109/ICSE.2009.5070542},
    acmid = {1555057},
    publisher = {IEEE Computer Society},
    address = {Washington, DC, USA},
}

@inproceedings{Dallmeier_generatingtest,
    author = {Dallmeier, Valentin and Knopp, Nikolai and Mallon,
        Christoph and Hack, Sebastian and Zeller, Andreas},
    title = {Generating Test Cases for Specification Mining},
    booktitle = {Proceedings of the 19th International
        Symposium on Software Testing and Analysis},
    series = {ISSTA '10},
    year = {2010},
    isbn = {978-1-60558-823-0},
    pages = {85--96},
    numpages = {12},
    url = {http://doi.acm.org/10.1145/1831708.1831719},
    doi = {10.1145/1831708.1831719},
    acmid = {1831719},
    publisher = {ACM},
    address = {New York, NY, USA},
    keywords = {specification mining, test case
        generation, typestate analysis},
}

@article{Alur:2005:SIS:1047659.1040314,
    author = {Alur, Rajeev and \v{C}ern\'{y}, Pavol and Madhusudan, P. and Nam, Wonhong},
    title = {Synthesis of Interface Specifications for Java Classes},
    journal = {SIGPLAN Not.},
    issue_date = {January 2005},
    volume = {40},
    number = {1},
    month = jan,
    year = {2005},
    issn = {0362-1340},
    pages = {98--109},
    numpages = {12},
    url = {http://doi.acm.org/10.1145/1047659.1040314},
    doi = {10.1145/1047659.1040314},
    acmid = {1040314},
    publisher = {ACM},
    address = {New York, NY, USA},
    keywords = {abstraction, behavioral interfaces, games, learning regular languages, model checking, software components, synthesis},
}

@incollection{regularinfBerg06,
    year={2006},
    isbn={978-3-540-33093-6},
    booktitle={Fundamental Approaches to Software Engineering},
    volume={3922},
    series={Lecture Notes in Computer Science},
    editor={Baresi, Luciano and Heckel, Reiko},
    doi={10.1007/11693017_10},
    title={Regular Inference for State Machines with Parameters},
    url={http://dx.doi.org/10.1007/11693017_10},
    publisher={Springer Berlin Heidelberg},
    author={Berg, Therese and Jonsson, Bengt and Raffelt, Harald},
    pages={107-121},
    language={English}
}

@incollection{regularinfBerg08,
    year={2008},
    isbn={978-3-540-78742-6},
    booktitle={Fundamental Approaches to Software Engineering},
    volume={4961},
    series={Lecture Notes in Computer Science},
    editor={Fiadeiro, Jos√É¬©Luiz and Inverardi, Paola},
    doi={10.1007/978-3-540-78743-3_24},
    title={Regular Inference for State Machines Using Domains with Equality Tests},
    url={http://dx.doi.org/10.1007/978-3-540-78743-3_24},
    publisher={Springer Berlin Heidelberg},
    author={Berg, Therese and Jonsson, Bengt and Raffelt, Harald},
    pages={317-331},
    language={English}
}

@incollection{howar2012,
    year={2012},
    isbn={978-3-642-34025-3},
    booktitle={Leveraging Applications of Formal Methods, Verification and Validation. Technologies for Mastering Change},
    volume={7609},
    series={Lecture Notes in Computer Science},
    editor={Margaria, Tiziana and Steffen, Bernhard},
    doi={10.1007/978-3-642-34026-0_41},
    title={Inferring Semantic Interfaces of Data Structures},
    url={http://dx.doi.org/10.1007/978-3-642-34026-0_41},
    publisher={Springer Berlin Heidelberg},
    author={Howar, Falk and Isberner, Malte and Steffen, Bernhard and Bauer, Oliver and Jonsson, Bengt},
    pages={554-571},
    language={English}
}

@incollection{howarRA2012,
    year={2012},
    isbn={978-3-642-27939-3},
    booktitle={Verification, Model Checking, and Abstract Interpretation},
    volume={7148},
    series={Lecture Notes in Computer Science},
    editor={Kuncak, Viktor and Rybalchenko, Andrey},
    doi={10.1007/978-3-642-27940-9_17},
    title={Inferring Canonical Register Automata},
    url={http://dx.doi.org/10.1007/978-3-642-27940-9_17},
    publisher={Springer Berlin Heidelberg},
    author={Howar, Falk and Steffen, Bernhard and Jonsson, Bengt and Cassel, Sofia},
    pages={251-266},
    language={English}
}

@article{Kaminski1994329,
    title = "Finite-Memory Automata",
    journal = "Theoretical Computer Science ",
    volume = "134",
    number = "2",
    pages = "329 - 363",
    year = "1994",
    note = "",
    issn = "0304-3975",
    doi = "http://dx.doi.org/10.1016/0304-3975(94)90242-9",
    url = "http://www.sciencedirect.com/science/article/pii/0304397594902429",
    author = "Michael Kaminski and Nissim Francez"
}

@incollection{steffen11,
    year={2011},
    isbn={978-3-642-21454-7},
    booktitle={Formal Methods for Eternal Networked Software Systems},
    volume={6659},
    series={Lecture Notes in Computer Science},
    editor={Bernardo, Marco and Issarny, Val√©rie},
    doi={10.1007/978-3-642-21455-4_8},
    title={Introduction to Active Automata Learning from a Practical Perspective},
    url={http://dx.doi.org/10.1007/978-3-642-21455-4_8},
    publisher={Springer Berlin Heidelberg},
    author={Steffen, Bernhard and Howar, Falk and Merten, Maik},
    pages={256-296},
    language={English}
}

@article{Whaley:2002:AEO:566171.566212,
    author = {Whaley, John and Martin, Michael C. and Lam, Monica S.},
    title = {Automatic Extraction of Object-Oriented Component Interfaces},
    journal = {SIGSOFT Softw. Eng. Notes},
    issue_date = {July 2002},
    volume = {27},
    number = {4},
    month = jul,
    year = {2002},
    issn = {0163-5948},
    pages = {218--228},
    numpages = {11},
    url = {http://doi.acm.org/10.1145/566171.566212},
    doi = {10.1145/566171.566212},
    acmid = {566212},
    publisher = {ACM},
    address = {New York, NY, USA},
}

@inproceedings{Shoham:2007:SSM:1273463.1273487,
    author = {Shoham, Sharon and Yahav, Eran and Fink, Stephen
        and Pistoia, Marco},
    title = {Static Specification Mining Using Automata-Based
        Abstractions},
    booktitle = {Proceedings of the 2007 International
        Symposium on Software Testing and Analysis},
    series = {ISSTA '07},
    year = {2007},
    isbn = {978-1-59593-734-6},
    pages = {174--184},
    numpages = {11},
    url = {http://doi.acm.org/10.1145/1273463.1273487},
    doi = {10.1145/1273463.1273487},
    acmid = {1273487},
    publisher = {ACM},
    address = {New York, NY, USA},
    keywords = {abstract interpretation,
        specification mining, static analysis,
        typestate},
}

@phdthesis{DBLP:phd/de/Niese2003,
    author    = {Oliver Niese},
    title     = {An Integrated Approach to Testing Complex Systems},
    school    = {Dortmund University of Technology},
    year      = {2003},
    url       = {http://eldorado.uni-dortmund.de:8080/0x81d98002_0x0007b62b},
    timestamp = {Wed, 18 Apr 2012 14:13:54 +0200},
    biburl    = {http://dblp.uni-trier.de/rec/bib/phd/de/Niese2003},
    bibsource = {dblp computer science bibliography, http://dblp.org}
}

@book{Myers:1979:AST:539883,
    author = {Myers, Glenford J.},
    title = {Art of Software Testing},
    year = {1979},
    isbn = {0471043281},
    publisher = {John Wiley \& Sons, Inc.},
    address = {New York, NY, USA},
}

@article{durand2014inference,
    title={Inf{\'e}rence De Modeles Dirig{\'e}e Par La Logique M{\'e}tier},
    author={Durand, William and Salva, S{\'e}bastien},
    journal={Actes de la 13eme {\'e}dition d'AFADL, atelier francophone sur les Approches Formelles dans l'Assistance au D{\'e}veloppement de Logiciels, juin 2014.},
    pages={31},
    year={2014}
}

@misc{logicreasoning,
    title={Artificial Intelligence, Logic and Reasoning},
    author={Martial Hebert, Mike Lewicki},
    note={Lecture. Available from
        https://www.cs.cmu.edu/afs/cs/academic/class/15381-s07/www/slides/022707reasoning.pdf},
    year={2007}
}

@article{wallace1989software,
    title={Software Verification and Validation: An Overview},
    author={Wallace, Dolores R and Fujii, Roger U},
    journal={IEEE Software},
    number={3},
    pages={10--17},
    year={1989},
    publisher={IEEE}
}

@inproceedings{Boehm1979,
    address = {Cambridge, MA},
    author = {Bohem, Barry W.},
    booktitle = {{Research Directions in Software Technology} (Ch. 22)},
    editor = {Wegner, P.},
    keywords = {neon-d551},
    pages = {1--9},
    publisher = {{MIT Press}},
    title = {{Software Engineering; R \& D Trends and Defense Needs}},
    year = {1979}
}

@techreport{iso9126,
    author = {{ISO}},
    institution = {International Organization for Standardization},
    keywords = {iso, usability},
    title = {{ISO/IEC} 9126-1:2001, {S}oftware Engineering -- {P}roduct Quality -- {P}art 1: {Q}uality Model},
    url = {http://www.iso.org/iso/iso\_catalogue/catalogue\_tc/catalogue\_detail.htm?csnumber=22749},
    year = {2001}
}

@techreport{10951538,
    author = {{ISO/IEC}},
    publisher = {ISO/IEC},
    title = {{ISO/IEC 25010 - Systems and Software Engineering - Systems and Software Quality Requirements and Evaluation (SQuaRE) - System and Software Quality Models}},
    year = {2010}
}

@article{4425813,
    author={Bourque, P. and Dupuis, R.},
    journal={Guide to the Software Engineering Body of Knowledge, 2004. SWEBOK},
    title={Guide to the Software Engineering Body of Knowledge
        2004 Version},
    year={2004},
    pages={},
    month={}
}

@inproceedings{Enderlin:2011:PSL:2075545.2075551,
    author = {Enderlin, Ivan and Dadeau, Fr{\'e}d{\'e}ric and
        Giorgetti, Alain and Othman, Abdallah Ben},
    title = {Praspel: A Specification Language for
        Contract-Based Testing in PHP},
    booktitle = {Proceedings of the 23rd IFIP WG 6.1
        International Conference on Testing Software and
            Systems},
    series = {ICTSS'11},
    year = {2011},
    isbn = {978-3-642-24579-4},
    pages = {64--79},
    numpages = {16},
    url =
    {http://dl.acm.org/citation.cfm?id=2075545.2075551},
    acmid = {2075551},
    publisher = {Springer-Verlag},
    address = {Berlin, Heidelberg},
    keywords = {PHP, annotation language,
        design-by-contract, formal specifications,
        unit testing},
}

@book{Lano:1996:BLM:525749,
    author = {Lano, Kevin},
    title = {The  B Language and Method: A Guide to Practical
        Formal Development},
    year = {1996},
    isbn = {3540760334},
    edition = {1st},
    publisher = {Springer-Verlag New York, Inc.},
    address = {Secaucus, NJ, USA},
}

@book{Warmer:1998:OCL:291202,
    author = {Warmer, Jos and Kleppe, Anneke},
    title = {The Object Constraint Language: Precise Modeling
        with UML},
    year = {1999},
    isbn = {0-201-37940-6},
    publisher = {Addison-Wesley Longman Publishing Co.,
        Inc.},
    address = {Boston, MA, USA},
}

@article{117852,
    author       = {Mike Barnett and Manuel Fahndrich and K.
        Rustan M. Leino and Peter Mueller and
            Wolfram Schulte and Herman Venter},
    journal      = {Communications of the ACM},
    month        = {June},
    number       = {6},
    pages        = {81--91},
    publisher    = {Association for Computing Machinery, Inc.},
    title        = {Specification and Verification: The Spec{\#}
        Experience},
    url          =
    {http://research.microsoft.com/apps/pubs/default.aspx?id=117852},
    volume       = {54},
    year         = {2011},
}

@incollection{jml,
    year={1999},
    isbn={978-1-4613-7383-4},
    booktitle={Behavioral Specifications of Businesses and Systems},
    volume={523},
    series={The Springer International Series in Engineering and Computer Science},
    editor={Kilov, Haim and Rumpe, Bernhard and Simmonds, Ian},
    doi={10.1007/978-1-4615-5229-1_12},
    title={JML: A Notation for Detailed Design},
    url={http://dx.doi.org/10.1007/978-1-4615-5229-1_12},
    publisher={Springer US},
    author={Leavens, GaryT. and Baker, AlbertL. and Ruby, Clyde},
    pages={175-188},
    language={English}
}

@ARTICLE{lustre:ieee,
    AUTHOR={N. Halbwachs and P. Caspi and P. Raymond and D.
        Pilaud},
    TITLE={The synchronous dataflow programming language
        Lustre},
    JOURNAL={Proceedings of the IEEE},
    VOLUME={79},
    NUMBER={9},
    PAGES={1305-1320},
    MONTH={September},
    YEAR={1991}
}

@inproceedings{LeSergent:2011:SCF:2188575.2188578,
    author = {Le Sergent, Thierry},
    title = {SCADE: A Comprehensive Framework for Critical
        System and Software Engineering},
    booktitle = {Proceedings of the 15th International
        Conference on Integrating System and Software
            Modeling},
    series = {SDL'11},
    year = {2011},
    isbn = {978-3-642-25263-1},
    pages = {2--3},
    numpages = {2},
    url =
    {http://dx.doi.org/10.1007/978-3-642-25264-8_2},
    doi = {10.1007/978-3-642-25264-8_2},
    acmid = {2188578},
    publisher = {Springer-Verlag},
    address = {Berlin, Heidelberg},
}

@article{Meyer:1992:ADC:618974.619797,
    author = {Meyer, Bertrand},
    title = {Applying "Design by Contract"},
    journal = {Computer},
    issue_date = {October 1992},
    volume = {25},
    number = {10},
    month = oct,
    year = {1992},
    issn = {0018-9162},
    pages = {40--51},
    numpages = {12},
    url = {http://dx.doi.org/10.1109/2.161279},
    doi = {10.1109/2.161279},
    acmid = {619797},
    publisher = {IEEE Computer Society Press},
    address = {Los Alamitos, CA, USA},
}

@article{Tre96,
    title={Test Generation with Inputs, Outputs, and
        Quiescence},
    author={Tretmans, Jan},
    booktitle={Tools and Algorithms for the Construction
        and Analysis of Systems},
    pages={127--146},
    year={1996},
    publisher={Springer}
}

@article{tretmans1996conformance,
    title={Conformance Testing with Labelled Transition
        Systems: Implementation Relations and Test Generation},
    author={Tretmans, Jan},
    journal={Computer networks and ISDN systems},
    volume={29},
    number={1},
    pages={49--79},
    year={1996},
    publisher={Elsevier}
}

@inproceedings{Phillips86,
    author    = {Iain Phillips},
    title     = {Refusal Testing},
    booktitle = {Automata, Languages and Programming, 13th
        International Colloquium,
        ICALP86, Rennes, France, July 15-19,
        1986, Proceedings},
    pages     = {304--313},
    year      = {1986},
    url       = {http://dx.doi.org/10.1007/3-540-16761-7_80},
    doi       = {10.1007/3-540-16761-7_80},
    timestamp = {Sat, 19 Sep 2009 22:49:40 +0200},
    biburl    = {http://dblp.uni-trier.de/rec/bib/conf/icalp/Phillips86},
    bibsource = {dblp computer science bibliography, http://dblp.org}
}

@article{Abramsky1987225,
    title = "Observation Equivalence As a Testing Equivalence ",
    journal = "Theoretical Computer Science ",
    volume = "53",
    number = "2‚Äì3",
    pages = "225 - 241",
    year = "1987",
    note = "",
    issn = "0304-3975",
    doi = "http://dx.doi.org/10.1016/0304-3975(87)90065-X",
    url = "http://www.sciencedirect.com/science/article/pii/030439758790065X",
    author = "Samson Abramsky",
}

@article{Beohar2015,
    title = "Basic Behavioral Models for Software Product Lines: Expressiveness and Testing Pre-Orders ",
    journal = "Science of Computer Programming ",
    volume = "",
    number = "",
    pages = " - ",
    year = "2015",
    note = "",
    issn = "0167-6423",
    doi = "http://dx.doi.org/10.1016/j.scico.2015.06.005",
    url = "http://www.sciencedirect.com/science/article/pii/S0167642315001288",
    author = "Harsh Beohar and Mahsa Varshosaz and Mohammad Reza Mousavi",
}

@book{Jorgensen:1995:STC:526521,
    author = {Jorgensen, Paul C.},
    title = {Software Testing: A Craftsman's Approach},
    year = {1995},
    isbn = {084937345X},
    edition = {1st},
    publisher = {CRC Press, Inc.},
    address = {Boca Raton, FL, USA},
}

@book{Sommerville:1997:REG:549198,
    author = {Sommerville, Ian and Sawyer, Pete},
    title = {Requirements Engineering: A Good Practice Guide},
    year = {1997},
    isbn = {0471974447},
    edition = {1st},
    publisher = {John Wiley \& Sons, Inc.},
    address = {New York, NY, USA},
}

@article{Tai98atest,
    author = {Kuo-chung Tai and Yu Lei},
    title = {A Test Generation Strategy for Pairwise Testing},
    journal = {IEEE Transactions on Software
        Engineering},
    year = {1998},
    volume = {28},
    pages = {2002}
}

@inproceedings{Ramachandran:2003:TSC:942796.943301,
    author = {Ramachandran, Muthu},
    title = {Testing Software Components Using Boundary Value
        Analysis},
    booktitle = {Proceedings of the 29th Conference on
        EUROMICRO},
    series = {EUROMICRO '03},
    year = {2003},
    isbn = {0-7695-1996-2},
    pages = {94--},
    url =
    {http://dl.acm.org/citation.cfm?id=942796.943301},
    acmid = {943301},
    publisher = {IEEE Computer Society},
    address = {Washington, DC, USA},
}

@incollection{Huang13,
    year={2013},
    isbn={978-3-642-41706-1},
    booktitle={Testing Software and Systems},
    volume={8254},
    series={Lecture Notes in Computer Science},
    editor={Yenig√ºn, H√ºsn√º and Yilmaz, Cemal and Ulrich, Andreas},
    doi={10.1007/978-3-642-41707-8_4},
    title={Exhaustive Model-Based Equivalence Class Testing},
    url={http://dx.doi.org/10.1007/978-3-642-41707-8_4},
    publisher={Springer Berlin Heidelberg},
    keywords={Model-based testing; Equivalence class partition testing; Kripke Structures; UML/SysML state machines},
    author={Huang, Wen-ling and Peleska, Jan},
    pages={49-64},
    language={English}
}

@inproceedings{Walkinshaw:2010:IFC:1928028.1928038,
    author = {Walkinshaw, Neil and Bogdanov, Kirill and Derrick,
        John and Paris, Javier},
    title = {Increasing Functional Coverage by Inductive
        Testing: A Case Study},
    booktitle = {Proceedings of the 22Nd IFIP WG 6.1
        International Conference on Testing Software and
            Systems},
    series = {ICTSS'10},
    year = {2010},
    isbn = {3-642-16572-9, 978-3-642-16572-6},
    pages = {126--141},
    numpages = {16},
    url =
    {http://dl.acm.org/citation.cfm?id=1928028.1928038},
    acmid = {1928038},
    publisher = {Springer-Verlag},
    address = {Berlin, Heidelberg},
}

@INPROCEEDINGS{Godefroid08automatedwhitebox,
    author = {Patrice Godefroid and Michael Y. Levin and
        David Molnar},
    title = {Automated Whitebox Fuzz Testing},
    booktitle = {In NDSS},
    year = {2008}
}

@ARTICLE{5387827,
    author={Bird, D.L. and Munoz, C.U.},
    journal={IBM Systems Journal},
    title={Automatic Generation of Random Self-Checking Test
        Cases},
    year={1983},
    volume={22},
    number={3},
    pages={229-245},
    doi={10.1147/sj.223.0229},
    ISSN={0018-8670},
    month={},
}

@article{Walton:1995:STS:210453.210458,
    author = {Walton, Gwendolyn H. and Poore, J. H. and
        Trammell, Carmen J.},
    title = {Statistical Testing of Software Based on a Usage
        Model},
    journal = {Softw. Pract. Exper.},
    issue_date = {Jan. 1995},
    volume = {25},
    number = {1},
    month = jan,
    year = {1995},
    issn = {0038-0644},
    pages = {97--108},
    numpages = {12},
    url = {http://dx.doi.org/10.1002/spe.4380250106},
    doi = {10.1002/spe.4380250106},
    acmid = {210458},
    publisher = {John Wiley \& Sons, Inc.},
    address = {New York, NY, USA},
}

@ARTICLE{1702444,
    author={Hamlet, R.G.},
    journal={Software Engineering, IEEE Transactions on},
    title={Testing Programs with the Aid of a Compiler},
    year={1977},
    volume={SE-3},
    number={4},
    pages={279-290},
    doi={10.1109/TSE.1977.231145},
    ISSN={0098-5589},
    month={July},
}

@inproceedings{Duran:1981:RRT:800078.802530,
    author = {Duran, Joe W. and Ntafos, Simeon},
    title = {A Report on Random Testing},
    booktitle = {Proceedings of the 5th International
        Conference on Software Engineering},
    series = {ICSE '81},
    year = {1981},
    isbn = {0-89791-146-6},
    pages = {179--183},
    numpages = {5},
    url =
    {http://dl.acm.org/citation.cfm?id=800078.802530},
    acmid = {802530},
    publisher = {IEEE Press},
    address = {Piscataway, NJ, USA},
}

@article{10.2307/2346830,
    ISSN = {00359254, 14679876},
    URL = {http://www.jstor.org/stable/2346830},
    author = {J. A. Hartigan, M. A. Wong},
    journal = {Journal of the Royal Statistical Society. Series C (Applied Statistics)},
    number = {1},
    pages = {100-108},
    publisher = {Wiley},
    title = {Algorithm AS 136: A K-Means Clustering Algorithm},
    volume = {28},
    year = {1979}
}

@ARTICLE{Alur94atheory,
    author = {Rajeev Alur and David L. Dill},
    title = {A Theory of Timed Automata},
    journal = {Theoretical Computer Science},
    year = {1994},
    volume = {126},
    pages = {183--235}
}

@incollection{ltsTretmans,
    author = {Tretmans, Jan},
    chapter = {Model Based Testing with Labelled Transition
        Systems},
    title = {Formal Methods and Testing},
    editor = {Hierons, Robert M. and Bowen, Jonathan P. and
        Harman, Mark},
    year = {2008},
    isbn = {3-540-78916-2, 978-3-540-78916-1},
    pages = {1--38},
    numpages = {38},
    url =
    {http://dl.acm.org/citation.cfm?id=1806209.1806210},
    acmid = {1806210},
    publisher = {Springer-Verlag},
    address = {Berlin, Heidelberg},
}

@article{Leucker2009293,
    title = "A Brief Account of Runtime Verification ",
    journal = "The Journal of Logic and Algebraic Programming ",
    volume = "78",
    number = "5",
    pages = "293 - 303",
    year = "2009",
    note = "The 1st Workshop on Formal Languages and Analysis of Contract-Oriented Software (FLACOS‚Äô07) ",
    issn = "1567-8326",
    doi = "http://dx.doi.org/10.1016/j.jlap.2008.08.004",
    url = "http://www.sciencedirect.com/science/article/pii/S1567832608000775",
    author = "Martin Leucker and Christian Schallhart",
    keywords = "Verification",
    keywords = "Testing",
    keywords = "Monitoring",
    keywords = "Assertion checking "
}

@inproceedings{CMdO09,
    author = {Cavalli, Ana and Maag, Stephane and de Oca, Edgardo Montes},
    title = {A Passive Conformance Testing Approach for a MANET Routing Protocol},
    booktitle = {Proceedings of the 2009 ACM Symposium on Applied Computing},
    series = {SAC '09},
    year = {2009},
    isbn = {978-1-60558-166-8},
    pages = {207--211},
    numpages = {5},
    url = {http://doi.acm.org/10.1145/1529282.1529326},
    doi = {10.1145/1529282.1529326},
    acmid = {1529326},
    publisher = {ACM},
    address = {New York, NY, USA},
    keywords = {MANET, conformance testing, routing protocols},
}

@INPROCEEDINGS{5552735,
    author={Morales, G. and Maag, S. and Cavalli, A. and Mallouli, W. and de Oca, E.M. and Wehbi, B.},
    booktitle={Web Services (ICWS), 2010 IEEE International Conference On},
    title={Timed Extended Invariants for the Passive Testing of
        Web Services},
    year={2010},
    pages={592-599},
    doi={10.1109/ICWS.2010.17},
    month={July},
}

@article{cavalli2009passive,
    title={A Passive Testing Approach for Security Checking and
        Its Pratical Usage for Web Services Monitoring},
    author={Cavalli, A and Benameur, Azzedine and Mallouli,
        Wissam and Li, Keqin},
    journal={NOTERE 2009},
    year={2009}
}

@inproceedings{cuppens2005nomad,
    title={Nomad: A Security Model with Non Atomic Actions and
        Deadlines},
    author={Cuppens, Frederic and Cuppens-Boulahia, Nora and
        Sans, Thierry},
    booktitle={Computer Security Foundations, 2005. CSFW-18
        2005. 18th IEEE Workshop},
    pages={186--196},
    year={2005},
    organization={IEEE}
}

@article{andres2012formal,
    title={Formal Passive Testing of Timed Systems: Theory and
        Tools},
    author={Andr{\'e}s, C{\'e}sar and Merayo, Mercedes G and
        N{\'u}nez, Manuel},
    journal={Software Testing, Verification and
        Reliability},
    volume={22},
    number={6},
    pages={365--405},
    year={2012},
    publisher={Wiley Online Library}
}

@ARTICLE{1621118,
    author={Lee, D. and Dongluo Chen and Ruibing Hao and Miller,
        R.E. and Jianping Wu and Xia Yin},
    journal={Networking, IEEE/ACM Transactions on},
    title={Network Protocol System Monitoring-a Formal Approach
        with Passive Testing},
    year={2006},
    volume={14},
    number={2},
    pages={424-437},
    keywords={finite state machines;monitoring;telecommunication
        network reliability;transport
            protocols;OSPF;TCP;event-driven extended finite state
            machines;fault detection;network protocol system
            monitoring;passive testing;Automata;Computer
            science;Condition monitoring;Control system
            synthesis;Data engineering;Electronic mail;Fault
            detection;Life testing;Protocols;System
            testing;Event-driven extended finite state
            machine;formal method;network protocol;passive
            monitoring;testing},
    doi={10.1109/TNET.2006.872572},
    ISSN={1063-6692},
    month={April},
}

@incollection{alcalde2004network,
    title={Network Protocol System Passive Testing for Fault
        Management: A Backward Checking Approach},
    author={Alcalde, Baptiste and Cavalli, Ana and Chen,
        Dongluo and Khuu, Davy and Lee, David},
    booktitle={Formal Techniques for Networked and
        Distributed Systems--FORTE 2004},
    pages={150--166},
    year={2004},
    publisher={Springer}
}

@INPROCEEDINGS{965909,
    author={Miller, R.E. and Arisha, K.A.},
    booktitle={Global Telecommunications Conference, 2001.
        GLOBECOM '01. IEEE},
    title={Fault Management Using Passive Testing for Mobile IPv6
        Networks},
    year={2001},
    volume={3},
    pages={1923-1927 vol.3},
    doi={10.1109/GLOCOM.2001.965909},
    month={},
}

@inproceedings{Ural:2007:IAP:1270230.1270259,
    author = {Ural, Hasan and Xu, Zhi and Zhang, Fan},
    title = {An Improved Approach to Passive Testing of
        FSM-Based Systems},
    booktitle = {Proceedings of the Second International
        Workshop on Automation of Software Test},
    series = {AST '07},
    year = {2007},
    isbn = {0-7695-2971-2},
    pages = {6--},
    url = {http://dx.doi.org/10.1109/AST.2007.1},
    doi = {10.1109/AST.2007.1},
    acmid = {1270259},
    publisher = {IEEE Computer Society},
    address = {Washington, DC, USA},
}

@INPROCEEDINGS{4698175,
    author={Mallouli, W. and Bessayah, F. and Cavalli, A. and Benameur, A.},
    booktitle={Global Telecommunications Conference, 2008. IEEE GLOBECOM 2008. IEEE},
    title={Security Rules Specification and Analysis Based on Passive Testing},
    year={2008},
    pages={1-6},
    keywords={formal languages;formal specification;program
        testing;security of data;systems analysis;temporal
            logic;'Nomad' formal language;deontic
            logics;network-based services;passive
            testing;security rules analysis;security rules
            specification;temporal logics;wireless
            networks;Automatic testing;Data security;Formal
            languages;Formal specifications;Information
            security;Logic testing;Monitoring;System
            testing;Telecommunications;Wireless networks},
    doi={10.1109/GLOCOM.2008.ECP.400},
    ISSN={1930-529X},
    month={Nov},
}

@INPROCEEDINGS{7340480,
    author={Durand, William and Salva, Sebastien},
    booktitle={Formal Methods and Models for Codesign (MEMOCODE),
        2015 ACM/IEEE International Conference On},
    title={Passive Testing of Production Systems Based on Model
        Inference},
    year={2015},
    pages={138-147},
    keywords={Context;Engines;Production
        systems;Sensors;Testing;Tires;Model
            inference;STS;conformance;machine learning;passive
            testing;production system},
    doi={10.1109/MEMCOD.2015.7340480},
    month={Sept},
}

@article{iso20059000,
    title={9000: 2005},
    author={{ISO}, E.N.},
    journal={Quality management systems-Fundamentals and
        vocabulary (ISO 9000: 2005)},
    year={2005}
}

@book{booch1991object,
    title={Object Oriented Design: With Applications},
    author={Booch, G.},
    isbn={9780805300918},
    lccn={90034884},
    series={The Benjamin/Cummings Series in Ada and Software Engineering},
    url={https://books.google.fr/books?id=w5VQAAAAMAAJ},
    year={1991},
    publisher={Benjamin/Cummings Pub.}
}

@INPROCEEDINGS{4221614,
    author={Bertolino, Antonia},
    booktitle={Future of Software Engineering, 2007. FOSE '07},
    title={Software Testing Research: Achievements, Challenges, Dreams},
    year={2007},
    pages={85-103},
    keywords={program testing;program verification;software
        engineering;software testing;widespread validation
            approach;Computer
            industry;Councils;Feedback;Laboratories;Quality
            assurance;Software engineering;Software
            quality;Software systems;Software testing;State
            estimation},
    doi={10.1109/FOSE.2007.25},
    month={May},
}

@incollection{moore56,
    author = {Moore, Edward F.},
    booktitle = {Automata Studies},
    citeulike-article-id = {1527182},
    keywords = {algorithms, automata},
    pages = {129--153},
    posted-at = {2007-08-01 13:05:18},
    priority = {2},
    publisher = {Princeton U.},
    title = {{Gedanken Experiments on Sequential Machines}},
    year = {1956}
}

@article{antimbt,
    title={Towards Anti-Model-Based Testing},
    author={Bertolino, Antonia and Polini, Andrea and
        Inverardi, Paola and Muccini, Henry},
    journal={Proc. DSN 2004 (Ext. abstract)},
    pages={124--125},
    year={2004}
}

@techreport{RFC7230,
    author = {R. Fielding and J. Reschke},
    title = {Hypertext Transfer Protocol (HTTP/1.1): Message Syntax and Routing},
    howpublished = {Internet Requests for Comments},
    type = {RFC},
    number = {7230},
    year = {2014},
    month = {June},
    issn = {2070-1721},
    publisher = {RFC Editor},
    institution = {RFC Editor},
    url = {http://www.rfc-editor.org/rfc/rfc7230.txt},
    note = {\url{http://www.rfc-editor.org/rfc/rfc7230.txt}},
}

@incollection{petrenko06,
    year={2006},
    isbn={978-3-540-34454-4},
    booktitle={Formal Approaches to Software Testing},
    volume={3997},
    series={Lecture Notes in Computer Science},
    editor={Grieskamp, Wolfgang and Weise, Carsten},
    doi={10.1007/11759744_9},
    title={Conformance Tests As Checking Experiments for Partial Nondeterministic FSM},
    url={http://dx.doi.org/10.1007/11759744_9},
    publisher={Springer Berlin Heidelberg},
    author={Petrenko, Alexandre and Yevtushenko, Nina},
    pages={118-133},
    language={English}
}

@article{Gold1978302,
    title={Language Identification in the Limit},
    author={Gold, E Mark},
    journal={Information and control},
    volume={10},
    number={5},
    pages={447--474},
    year={1967},
    publisher={Elsevier}
}

@inproceedings{irfan12,
    title={Improving Model Inference of Black Box Components Having Large Input Test Set.},
    author={Irfan, Muhammad-Naeem and Groz, Roland and Oriat, Catherine},
    booktitle={ICGI},
    pages={133--138},
    year={2012},
    organization={Citeseer}
}

@incollection{zulu,
    title={Zulu: An Interactive Learning Competition},
    author={Combe, David and De La Higuera, Colin and
        Janodet, Jean-Christophe},
    booktitle={Finite-State Methods and Natural Language
        Processing},
    pages={139--146},
    year={2010},
    publisher={Springer}
}

@inproceedings{Meinke:2004:ABT:1007512.1007532,
	author = {Meinke, Karl},
	title = {Automated Black-Box Testing of Functional Correctness Using Function Approximation},
	booktitle = {Proceedings of the 2004 ACM SIGSOFT International Symposium on Software Testing and Analysis},
	series = {ISSTA '04},
	year = {2004},
	isbn = {1-58113-820-2},
	pages = {143--153},
	numpages = {11},
	url = {http://doi.acm.org/10.1145/1007512.1007532},
	doi = {10.1145/1007512.1007532},
	acmid = {1007532},
	publisher = {ACM},
	address = {New York, NY, USA},
	keywords = {approximation, black-box test, constraint solving, formal specification, functional test, satisfiability problem, test coverage},
}

@INPROCEEDINGS{4656395,
	author={Amalfitano, D. and Fasolino, A.R. and Tramontana, P.},
	booktitle={Reverse Engineering, 2008. WCRE '08. 15th Working Conference On},
	title={Reverse Engineering Finite State Machines from Rich Internet Applications},
	year={2008},
	month={Oct},
	pages={69-73},
	keywords={Internet;finite state machines;pattern clustering;reverse engineering;Web application lifecycle;clustering techniques;finite state machines;reverse engineering;rich Internet applications;state explosion;Application software;Automata;Explosions;Information retrieval;Internet;Java;Reverse engineering;Search engines;US Department of Transportation;Usability;Ajax;FSM;RIA;Reverse Engineering},
	doi={10.1109/WCRE.2008.17},
	ISSN={1095-1350},
}

@inproceedings{Azim13,
	author = {Azim, Tanzirul and Neamtiu, Iulian},
	title = {Targeted and Depth-First Exploration for Systematic Testing of Android Apps},
	booktitle = {Proceedings of the 2013 ACM SIGPLAN International Conference on Object Oriented Programming Systems Languages \&\#38; Applications},
	series = {OOPSLA '13},
	year = {2013},
	isbn = {978-1-4503-2374-1},
	location = {Indianapolis, Indiana, USA},
	pages = {641--660},
	numpages = {20},
	url = {http://doi.acm.org/10.1145/2509136.2509549},
	doi = {10.1145/2509136.2509549},
	acmid = {2509549},
	publisher = {ACM},
	address = {New York, NY, USA},
	keywords = {code coverage, dynamic analysis, google android, greybox testing, gui testing, systematic exploration, taint analysis, test case generation},
}

@inproceedings{SP15,
	AUTHOR = {S√©bastien Salva and Patrice Lauren√ßot},
	TITLE = {Model Inference and Automatic Testing of Mobile Applications},
	BOOKTITLE = {International Journal On Advances in Software},
	YEAR = {2015},
	volume = {8},
	number = {1,2},
	month = {06},
	publisher = {Iaria},
}

@book{Buxton:1970:SET:1102021,
    editor = {Buxton, J. N. and Randell, B.},
    title = {Software Engineering Techniques: Report of a
        Conference Sponsored by the NATO Science Committee,
        Rome, Italy, 27-31 Oct. 1969, Brussels, Scientific
            Affairs Division, NATO},
    year = {1970},
}

@inproceedings{Lang:1998:RAO:645517.655780,
    author = {Lang, Kevin J. and Pearlmutter, Barak A. and
        Price, Rodney A.},
    title = {Results of the Abbadingo One DFa Learning
        Competition and a New Evidence-Driven State
            Merging Algorithm},
    booktitle = {Proceedings of the 4th International
        Colloquium on Grammatical Inference},
    series = {ICGI '98},
    year = {1998},
    isbn = {3-540-64776-7},
    pages = {1--12},
    numpages = {12},
    url = {http://dl.acm.org/citation.cfm?id=645517.655780},
    acmid = {655780},
    publisher = {Springer-Verlag},
    address = {London, UK, UK},
}

@inproceedings{Park:1981:CAI:647210.720030,
    author = {Park, David},
    title = {Concurrency and Automata on Infinite Sequences},
    booktitle = {Proceedings of the 5th GI-Conference on
        Theoretical Computer Science},
    year = {1981},
    isbn = {3-540-10576-X},
    pages = {167--183},
    numpages = {17},
    url =
    {http://dl.acm.org/citation.cfm?id=647210.720030},
    acmid = {720030},
    publisher = {Springer-Verlag},
    address = {London, UK, UK},
}

@article{bigdata14,
    author={Han Hu and Yonggang Wen and Tat-Seng Chua and Xuelong
        Li},
    journal={Access, IEEE},
    title={Toward Scalable Systems for Big Data Analytics: A
        Technology Tutorial},
    year={2014},
    volume={2},
    pages={652-687},
    doi={10.1109/ACCESS.2014.2332453},
    ISSN={2169-3536},
    month={},
}

@article{thones2015microservices,
    title={Microservices},
    author={Thones, Johannes},
    journal={Software, IEEE},
    volume={32},
    number={1},
    pages={116--116},
    year={2015},
    publisher={IEEE}
}

@article{chakrabarti2006data,
    title={Data Mining Curriculum: A Proposal (Version 1.0)},
    author={Chakrabarti, Soumen and Ester, Martin and Fayyad,
        Usama and Gehrke, Johannes and Han, Jiawei and
            Morishita, Shinichi and Piatetsky-Shapiro,
        Gregory and Wang, Wei},
    journal={Intensive Working Group of ACM SIGKDD
        Curriculum Committee},
    year={2006}
}

@book{baier2008principles,
    title={Principles of Model Checking},
    author={Baier, Christel and Katoen, Joost-Pieter and
        others},
    year={2008},
    publisher={MIT press Cambridge}
}

@ARTICLE{ieee610121990,
    journal={IEEE Std 610.12-1990},
    title={IEEE Standard Glossary of Software Engineering
        Terminology},
    year={1990},
    pages={1-84},
    author={{IEEE}},
    keywords={glossaries;software engineering;standards;IEEE Std
        610.12-1990;software engineering terminology;standard
            glossary;Software
            engineering;Standards;Terminology;Definitions;Software
            engineering;dictionary;glossary;terminology},
    doi={10.1109/IEEESTD.1990.101064},
    month={Dec},
}

@ARTICLE{5733835,
    journal={ISO/IEC/IEEE 24765:2010(E)},
    title={Systems and Software Engineering -- Vocabulary},
    year={2010},
    pages={1-418},
    author={{ISO/IEC/IEEE}},
    keywords={IEEE standards;ISO standards;software
        engineering;IEEE Computer Society;IEEE Standard Glossary
            of Software Engineering Terminology;IEEE Std
            610.12-1990;International Standard;Project Management
            Institute;information technology field;systems
            engineering;Dictionaries;IEC standards;IEEE
            standards;ISO standards;Software
            engineering;computer;dictionary;information
            technology;software engineering;systems
            engineering;terminology;vocabulary},
    doi={10.1109/IEEESTD.2010.5733835},
    month={Dec},
}

@article{khan2012comparative,
    title={A Comparative Study of White Box, Black Box and Grey
        Box Testing Techniques},
    author={Khan, Mohd Ehmer and Khan, Farmeena},
    journal={Editorial Preface},
    volume={3},
    number={6},
    year={2012},
    publisher={Citeseer}
}

@article{rook1986controlling,
    title={Controlling Software Projects},
    author={Rook, Paul},
    journal={Software Engineering Journal},
    volume={1},
    number={1},
    pages={7},
    year={1986},
    publisher={IET}
}

@article{mathur2010advancements,
    title={Advancements in the V-Model},
    author={Mathur, Sonali and Malik, Shaily},
    journal={International Journal of Computer
        Applications},
    volume={1},
    number={12},
    year={2010},
    publisher={Citeseer}
}

@article{hennessy1995symbolic,
    title={Symbolic Bisimulations},
    author={Hennessy, Matthew and Lin, Huimin},
    journal={Theoretical Computer Science},
    volume={138},
    number={2},
    pages={353--389},
    year={1995},
    publisher={Elsevier}
}

@book{huth2004logic,
    title={Logic in Computer Science: Modelling and Reasoning
        About Systems},
    author={Huth, Michael and Ryan, Mark},
    year={2004},
    publisher={Cambridge University Press}
}

@inproceedings{Rusu:2000:AST:647982.743536,
    author = {Rusu, Vlad and Bousquet, Lydie du and J{\'e}ron,
        Thierry},
    title = {An Approach to Symbolic Test Generation},
    booktitle = {Proceedings of the Second International
        Conference on Integrated Formal Methods},
    series = {IFM '00},
    year = {2000},
    isbn = {3-540-41196-8},
    pages = {338--357},
    numpages = {20},
    url =
    {http://dl.acm.org/citation.cfm?id=647982.743536},
    acmid = {743536},
    publisher = {Springer-Verlag},
    address = {London, UK, UK},
}

@inproceedings{Bernot:1991:TAF:112287.112303,
    author = {Bernot, Gilles},
    title = {Testing Against Formal Specifications: A
        Theoretical View},
    booktitle = {Proceedings of the International Joint
        Conference on Theory and Practice of Software
            Development on Advances in Distributed Computing
            (ADC) and Colloquium on Combining Paradigms for
            Software Development (CCPSD): Vol. 2},
    series = {TAPSOFT '91},
    year = {1991},
    isbn = {0-387-53981-6},
    location = {Brighton, United Kingdom},
    pages = {99--119},
    numpages = {21},
    url =
    {http://dl.acm.org/citation.cfm?id=112287.112303},
    acmid = {112303},
    publisher = {Springer-Verlag New York, Inc.},
    address = {New York, NY, USA},
}

@inproceedings{brinksma1989formal,
    title={Formal Approach to Conformance Testing},
    author={Brinksma, Ed},
    booktitle={Proc. Int. Workshop on Protocol Test
        Systems},
    pages={311--325},
    year={1989},
    organization={North-Holland}
}

@inproceedings{Tretmans:1993:FAC:648128.747730,
    author = {Tretmans, Jan},
    title = {A Formal Approach to Conformance Testing},
    booktitle = {Proceedings of the IFIP TC6/WG6.1 Sixth
        International Workshop on Protocol Test Systems VI},
    year = {1994},
    isbn = {0-444-81697-6},
    pages = {257--276},
    numpages = {20},
    url =
    {http://dl.acm.org/citation.cfm?id=648128.747730},
    acmid = {747730},
    publisher = {North-Holland Publishing Co.},
    address = {Amsterdam, The Netherlands, The
        Netherlands},
}

@article{tretmans1992formal,
    title={A Formal Approach to Conformance Testing},
    author={Tretmans, Gerrit Jan},
    year={1992},
    publisher={Twente University Press}
}

@article{JSL:9106942,
    author = {Horn,Alfred},
    title = {On Sentences Which Are True of Direct Unions of
        Algebras},
    journal = {The Journal of Symbolic Logic},
    volume = {16},
    issue = {01},
    month = {3},
    year = {1951},
    issn = {1943-5886},
    pages = {14--21},
    numpages = {8},
    doi = {10.2307/2268661},
    URL =
    {http://journals.cambridge.org/article_S0022481200102385},
}

@incollection{rusu2005automatic,
    title={Automatic Verification and Conformance Testing for
        Validating Safety Properties of Reactive Systems},
    author={Rusu, Vlad and Marchand, Herv{\'e} and J{\'e}ron,
        Thierry},
    booktitle={FM 2005: Formal Methods},
    pages={189--204},
    year={2005},
    publisher={Springer}
}

@inproceedings{wong1997study,
    title={A Study of Effective Regression Testing in
        Practice},
    author={Wong, W Eric and Horgan, Joseph R and London,
        Saul and Agrawal, Hira},
    booktitle={Software Reliability Engineering, 1997.
        Proceedings., the Eighth International Symposium
            On},
    pages={264--274},
    year={1997},
    organization={IEEE}
}

@inproceedings{leung1989insights,
    title={Insights into Regression Testing [software
        Testing]},
    author={Leung, Hareton KN and White, Lee},
    booktitle={Software Maintenance, 1989., Proceedings.,
        Conference On},
    pages={60--69},
    year={1989},
    organization={IEEE},
    month={Oct},
    doi={10.1109/ICSM.1989.65194},
}

@article{Theofanos:2003:BGA:947226.947227,
    author = {Theofanos, Mary Frances and Redish, Janice
        (Ginny)},
    title = {Bridging the Gap: Between Accessibility and
        Usability},
    journal = {interactions},
    issue_date = {November + December 2003},
    volume = {10},
    number = {6},
    month = nov,
    year = {2003},
    issn = {1072-5520},
    pages = {36--51},
    numpages = {16},
    url = {http://doi.acm.org/10.1145/947226.947227},
    doi = {10.1145/947226.947227},
    acmid = {947227},
    publisher = {ACM},
    address = {New York, NY, USA},
}

@book{dumas1999practical,
    title={A Practical Guide to Usability Testing},
    author={Dumas, Joseph S and Redish, Janice},
    year={1999},
    publisher={Intellect Books}
}

@article{graves2001empirical,
    title={An Empirical Study of Regression Test Selection
        Techniques},
    author={Graves, Todd L and Harrold, Mary Jean and Kim,
        Jung-Min and Porter, Adam and Rothermel, Gregg},
    journal={ACM Transactions on Software Engineering and
        Methodology (TOSEM)},
    volume={10},
    number={2},
    pages={184--208},
    year={2001},
    publisher={ACM}
}

@inproceedings{pex,
    address      = {Prato, Italy},
    author       = {Nikolai Tillmann and Jonathan de Halleux},
    booktitle    = {Proc. of Tests and Proofs (TAP'08)},
    month        = {April},
    pages        = {134‚Äì153},
    publisher    = {Springer Verlag},
    series       = {LNCS},
    title        = {Pex - White Box Test Generation for .NET},
    url          = {http://research.microsoft.com/apps/pubs/default.aspx?id=81193},
    volume       = {4966},
    year         = {2008},
}

@inproceedings{FTW06,
    author = {Frantzen, L. and Tretmans, J. and Willemse, T. A.
        C.},
    title = {A Symbolic Framework for Model-Based Testing},
    booktitle = {Proceedings of the First Combined
        International Conference on Formal Approaches to
            Software Testing and Runtime Verification},
    series = {FATES'06/RV'06},
    year = {2006},
    isbn = {3-540-49699-8, 978-3-540-49699-1},
    location = {Seattle, WA},
    pages = {40--54},
    numpages = {15},
    url = {http://dx.doi.org/10.1007/11940197_3},
    doi = {10.1007/11940197_3},
    acmid = {2172679},
    publisher = {Springer-Verlag},
    address = {Berlin, Heidelberg},
}

@INPROCEEDINGS{4385509,
    author={Jangbok Kim and Kyunghee Choi and Hoffman, D.M. and Gihyun Jung},
    booktitle={Quality Software, 2007. QSIC '07. Seventh International Conference On},
    title={White Box Pairwise Test Case Generation},
    year={2007},
    pages={286-291},
    keywords={formal specification;program testing;software testing;system specification;white box pairwise test case generation;Costs;Software quality;Software systems;Software testing;System testing},
    doi={10.1109/QSIC.2007.4385509},
    ISSN={1550-6002},
    month={Oct},
}

@article{deb2002fast,
    title={A Fast and Elitist Multiobjective Genetic Algorithm: NSGA-II},
    author={Deb, Kalyanmoy and Pratap, Amrit and Agarwal, Sameer and Meyarivan, TAMT},
    journal={Evolutionary Computation, IEEE Transactions on},
    volume={6},
    number={2},
    pages={182--197},
    year={2002},
    publisher={IEEE}
}

@incollection{jeron2006model,
    title={Model-Based Test Selection for Infinite State
        Reactive Systems},
    author={J{\'e}ron, Thierry},
    booktitle={From Model-Driven Design to Resource
        Management for Distributed Embedded Systems},
    pages={35--44},
    year={2006},
    publisher={Springer}
}

@book{tan_testing_1995,
    title = {Testing Trace Equivalence for Labeled Transition Systems},
    url = {http://www.sige.uottawa.ca/~bochmann/dsrg/Docs/Pub/Tan95b.pdf},
    urldate = {2015-12-25},
    publisher = {Universit√© de Montr√©al, D√©partement d'informatique et de recherche op√©rationnelle},
    author = {Tan, Q. M. and Petrenko, A. and Bochmann, G. v and Luo, G.},
    year = {1995},
}

@article{phillips1987refusal,
    title={Refusal Testing},
    author={Phillips, Iain},
    journal={Theoretical Computer Science},
    volume={50},
    number={3},
    pages={241--284},
    year={1987},
    publisher={Elsevier}
}

@book{hennessy1980observing,
    title={On Observing Nondeterminism and Concurrency},
    author={Hennessy, Matthew and Milner, Robin},
    year={1980},
    publisher={Springer}
}

@misc{milner1980calculus,
    title={A Calculus for Communicating Processes, Volume 92 of
        Lecture Notes in Computer Science},
    author={Milner, Robin},
    year={1980},
    publisher={Springer Verlag}
}

@inproceedings{vaandrager1991relationship,
    title={On the Relationship Between Process Algebra and
        Input/output Automata},
    author={Vaandrager, Frits W},
    booktitle={Logic in Computer Science, 1991. LICS'91.,
        Proceedings of Sixth Annual IEEE Symposium On},
    pages={387--398},
    year={1991},
    organization={IEEE}
}

@book{milner1989communication,
    title={Communication and Concurrency},
    author={Milner, Robin},
    volume={84},
    year={1989},
    publisher={Prentice hall New York etc.}
}

@incollection{heerink1997refusal,
    title={Refusal Testing for Classes of Transition Systems
        with Inputs and Outputs},
    author={Heerink, Lex and Tretmans, Jan},
    booktitle={Formal Description Techniques and Protocol
        Specification, Testing and Verification},
    pages={23--39},
    year={1997},
    publisher={Springer}
}

@article{dean2008mapreduce,
    title={MapReduce: Simplified Data Processing on Large
        Clusters},
    author={Dean, Jeffrey and Ghemawat, Sanjay},
    journal={Communications of the ACM},
    volume={51},
    number={1},
    pages={107--113},
    year={2008},
    publisher={ACM}
}

@article{Sebastiani:2002:MLA:505282.505283,
    author = {Sebastiani, Fabrizio},
    title = {Machine Learning in Automated Text
        Categorization},
    journal = {ACM Comput. Surv.},
    issue_date = {March 2002},
    volume = {34},
    number = {1},
    month = mar,
    year = {2002},
    issn = {0360-0300},
    pages = {1--47},
    numpages = {47},
    url = {http://doi.acm.org/10.1145/505282.505283},
    doi = {10.1145/505282.505283},
    acmid = {505283},
    publisher = {ACM},
    address = {New York, NY, USA}
}

@article{Guzella200910206,
    title = "A Review of Machine Learning Approaches to Spam Filtering ",
    journal = "Expert Systems with Applications ",
    volume = "36",
    number = "7",
    pages = "10206 - 10222",
    year = "2009",
    note = "",
    issn = "0957-4174",
    doi = "http://dx.doi.org/10.1016/j.eswa.2009.02.037",
    url = "http://www.sciencedirect.com/science/article/pii/S095741740900181X",
    author = "Thiago S. Guzella and Walmir M. Caminhas"
}

@article{wong2010software,
    title={Software Fault Localization.},
    author={Wong, W Eric and Debroy, Vidroha},
    journal={Encyclopedia of Software Engineering},
    volume={1},
    pages={1147--1156},
    year={2010},
    publisher={Citeseer}
}

@inproceedings{jones2002visualization,
    title={Visualization of Test Information to Assist Fault
        Localization},
    author={Jones, James A and Harrold, Mary Jean and Stasko,
        John},
    booktitle={Proceedings of the 24th International
        Conference on Software Engineering},
    pages={467--477},
    year={2002},
    organization={ACM}
}

@book{mobley2002introduction,
    title={An Introduction to Predictive Maintenance},
    author={Mobley, R Keith},
    year={2002},
    publisher={Butterworth-Heinemann}
}

@inproceedings{orso2004scaling,
    title={Scaling Regression Testing to Large Software
        Systems},
    author={Orso, Alessandro and Shi, Nanjuan and Harrold,
        Mary Jean},
    booktitle={ACM SIGSOFT Software Engineering Notes},
    volume={29},
    number={6},
    pages={241--251},
    year={2004},
    organization={ACM}
}

@article{Orso:2005:SCR:1082983.1083251,
    author = {Orso, Alessandro and Kennedy, Bryan},
    title = {Selective Capture and Replay of Program
        Executions},
    journal = {SIGSOFT Softw. Eng. Notes},
    issue_date = {July 2005},
    volume = {30},
    number = {4},
    month = may,
    year = {2005},
    issn = {0163-5948},
    pages = {1--7},
    numpages = {7},
    url =
    {http://doi.acm.org/10.1145/1082983.1083251},
    doi = {10.1145/1082983.1083251},
    acmid = {1083251},
    publisher = {ACM},
    address = {New York, NY, USA},
}

@inproceedings{thane2000using,
    title={Using Deterministic Replay for Debugging of
        Distributed Real-Time Systems},
    author={Thane, Henrik and Hansson, Hans},
    booktitle={Real-Time Systems, 2000. Euromicro RTS 2000.
        12th Euromicro Conference On},
    pages={265--272},
    year={2000},
    organization={IEEE}
}

@inproceedings{avritzer2002software,
    title={Software Performance Testing Based on Workload
        Characterization},
    author={Avritzer, Alberto and Kondek, Joe and Liu,
        Danielle and Weyuker, Elaine J},
    booktitle={Proceedings of the 3rd International
        Workshop on Software and Performance},
    pages={17--24},
    year={2002},
    organization={ACM}
}

@article{pachidi2015performance,
    title={The Performance Mining Method: Extracting
        Performance Knowledge from Software Operation Data},
    author={Pachidi, Stella and Spruit, Marco},
    journal={International Journal of Business Intelligence
        Research (IJBIR)},
    volume={6},
    number={1},
    pages={11--29},
    year={2015},
    publisher={IGI Global}
}

@inproceedings{vokolos1998performance,
    title={Performance Testing of Software Systems},
    author={Vokolos, Filippos I and Weyuker, Elaine J},
    booktitle={Proceedings of the 1st International
        Workshop on Software and Performance},
    pages={80--87},
    year={1998},
    organization={ACM}
}

@article{weyuker1982testing,
    title={On testing non-testable programs},
    author={Weyuker, Elaine J},
    journal={The Computer Journal},
    volume={25},
    number={4},
    pages={465--470},
    year={1982},
    publisher={Br Computer Soc}
}

@article{kaner2003good,
    title={What is a good test case},
    author={Kaner, Cem},
    journal={Star East},
    pages={16},
    year={2003}
}

@phdthesis{lakhotia2009search,
    title={Search--Based Testing},
    author={Lakhotia, Kiran},
    year={2009},
    school={King‚Äôs College London}
}

@book{clarke1999model,
    title={Model checking},
    author={Clarke, Edmund M and Grumberg, Orna and Peled,
        Doron},
    year={1999},
    publisher={MIT press}
}

@book{fitting2012first,
    title={First-order logic and automated theorem proving},
    author={Fitting, Melvin},
    year={2012},
    publisher={Springer Science \& Business Media}
}

@inproceedings{lev2000putting,
    title={Putting static analysis to work for verification: A
        case study},
    author={Lev-Ami, Tal and Reps, Thomas and Sagiv, Mooly
        and Wilhelm, Reinhard},
    booktitle={ACM SIGSOFT Software Engineering Notes},
    volume={25},
    number={5},
    pages={26--38},
    year={2000},
    organization={ACM}
}

@article{cavalli2003new,
    title={New approaches for passive testing using an extended
        finite state machine specification},
    author={Cavalli, Ana and Gervy, Caroline and Prokopenko,
        Svetlana},
    journal={Information and Software Technology},
    volume={45},
    number={12},
    pages={837--852},
    year={2003},
    publisher={Elsevier}
}

@article{cavalli2015survey,
    title={A survey on formal active and passive testing with
        applications to the cloud},
    author={Cavalli, Ana R and Higashino, Teruo and
        N{\'u}{\~n}ez, Manuel},
    journal={annals of telecommunications-annales des
        t{\'e}l{\'e}communications},
    volume={70},
    number={3-4},
    pages={85--93},
    year={2015},
    publisher={Springer}
}
